#Chapter 1

@misc{vershynin2018volume,
  title={Volume 47 of Cambridge Series in Statistical and Probabilistic Mathematics},
  author={Vershynin, Roman},
  journal={High-dimensional probability},
  year={2018},
  publisher={Cambridge University Press Cambridge}
}

#Chapter 2

@incollection{boucheron2003concentration,
  title={Concentration inequalities},
  author={Boucheron, St{\'e}phane and Lugosi, G{\'a}bor and Bousquet, Olivier},
  booktitle={Summer school on machine learning},
  pages={208--240},
  year={2003},
  publisher={Springer}
}

@book{pollard2012convergence,
  title={Convergence of stochastic processes},
  author={Pollard, David},
  year={2012},
  publisher={Springer Science \& Business Media}
}

#Chapter 3

@article{diaz2019local,
  title={Local angles and dimension estimation from data on manifolds},
  author={D{\'\i}az, Mateo and Quiroz, Adolfo J and Velasco, Mauricio},
  journal={Journal of Multivariate Analysis},
  volume={173},
  pages={229--247},
  year={2019},
  publisher={Elsevier}
}

@article{arcones1993limit,
  title={Limit theorems for U-processes},
  author={Arcones, Miguel A and Gin{\'e}, Evarist},
  journal={The Annals of Probability},
  pages={1494--1542},
  year={1993},
  publisher={JSTOR}
}

@article{janson2002concentration,
  title={On concentration of probability},
  author={Janson, Svante},
  journal={Contemporary combinatorics},
  volume={10},
  number={3},
  pages={1--9},
  year={2002},
  publisher={Citeseer}
}

# Chapter 4

@article{gzyl1990physicist,
  title={The physicist's approach to the travelling salesman problemâ€”II},
  author={Gzyl, H and Jim{\'e}nez, R and Quiroz, AJ},
  journal={Mathematical and Computer Modelling},
  volume={13},
  number={7},
  pages={45--48},
  year={1990},
  publisher={Elsevier}
}

@article{lalley2013concentration,
  title={Concentration inequalities},
  author={Lalley, STEVEN P},
  journal={Lecture notes, University of Chicago},
  year={2013}
}

@book{alon2016probabilistic,
  title={The probabilistic method},
  author={Alon, Noga and Spencer, Joel H},
  year={2016},
  publisher={John Wiley \& Sons}
}