@book{feller1971introduction,
  title={An introduction to probability theory and its applications, Vol 1},
  author={Feller, Willliam},
  year={1971},
  publisher={John Wiley \& Sons}
}

@article{janson1998new,
  title={New versions of Suen's correlation inequality},
  author={Janson, Svante},
  journal={Random Structures and Algorithms},
  volume={13},
  number={3-4},
  pages={470--471},
  year={1998}
}

@article{alon2017asymptotically,
  title={Asymptotically optimal induced universal graphs},
  author={Alon, Noga},
  journal={Geometric and Functional Analysis},
  volume={27},
  number={1},
  pages={11-14},
  year={2017},
  publisher={Springer}
}